@inproceedings{pennington2014glove,
  author = {Jeffrey Pennington and Richard Socher and Christopher D. Manning},
  booktitle = {Empirical Methods in Natural Language Processing (EMNLP)},
  title = {GloVe: Global Vectors for Word Representation},
  year = {2014},
  pages = {1532--1543},
  url = {http://www.aclweb.org/anthology/D14-1162},
}

@article{silva2021,
author = {Alfredo Silva and Marcelo Mendoza},
title = {A DATA - DRIVEN STRATEGY TO COMBINE WORD EMBEDDINGS IN INFORMATION RETRIEVAL},
journal = {8th International Conference on Artificial Intelligence and Applications (AIAP 2021), January 23-24, 2021, Zurich, Switzerland,   arXiv:2105.12788},
year = {2021}
}

@article{sri_conf,
  author = {Carlos Fleitas and Marcel E. Sánchez},
  title = {Conferencias de Sistemas de Recuperación de Información},
  year = {2021-2022}
}